% this is the bibliography file

@book{sdn,
  title = {SDN: Software Defined Networks},
  author = {Thomas D. Nadeau, Ken Gray},
  month = sept,
  year = {2013}
}

% http://www.noxrepo.org/pox/about-pox/
@misc{pox,
	title = {POX},
	month = may,
	year = {2014},
	howpublished = {{http://www.noxrepo.org/pox/about-pox/}}
}

% http://osrg.github.io/ryu/
@misc{ryu,
	title = {Ryu SDN Framework},
	month = may,
	year = {2014},
	howpublished = {{http://osrg.github.io/ryu/}}
}

@Misc{iso-odf,
  author = 	 {International Organization for Standardization},
  title = 	 {ISO/IEC 26300:2006 Open Document Format},
  howpublished = {\url{http://std.dkuug.dk/keld/iso26300-odf/is26300/iso_iec_26300:2006_e.pdf}},
  month = 	 {December},
  year = 	 {2006},
  annote = 	 {\url{http://www.iso.org/iso/iso_catalogue/catalogue_tc/catalogue_detail.htm?csnumber=43485}}
}

@misc{sdn:whitepapers,
  title = {Software-Defined Networking: The New Norm for Networks},
  year = {2014},
  month = jan,
  howpublished= {{https://www.opennetworking.org/sdn-resources/sdn-library/whitepapers}}
}

@misc{kvm,
	title = {KVM},
	month = jan,
	year = {2014},
	howpublished = {{http://www.linux-kvm.org/}}
}

% http://mininet.org/walkthrough/

% http://www.snort.org/
@misc{snort,
	title = {Snort},
	month = may,
	year = {2014},
	howpublished = {{http://www.snort.org/}}
}

@misc{mn,
	title = {Mininet},
	month = jan,
	year = {2014},
	howpublished = {{http://mininet.org}}
}

% https://www.opennetworking.org/about/onf-overview
@misc{onf,
	title = {Open Networking Foundation},
	month = jan,
	year = {2014},
	howpublished = {{https://www.opennetworking.org}}
}

% http://openvswitch.org/
@misc{ovs,
	title = {Open vSwitch},
	month = jan,
	year = {2014},
	howpublished = {{http://openvswitch.org/}}
}

% https://blogs.vmware.com/vmware/2013/07/vmware-leader-2013-gartner-magic-quadrant-server-virtualization.html
@misc{gartner,
	title = {Latest Gartner Magic Quadrant Positions VMware in Leaders Quadrant for x86 Server Virtualization Infrastructure},
	month = jul,
	year = {2013},
	howpublished = {{https://blogs.vmware.com/vmware/2013/07/vmware-leader-2013-gartner-magic-quadrant-server-virtualization.html}}
}

% http://www.gnu.org/software/autoconf/
@misc{autoconf,
	title = {Autoconf - GNU Project - Free Software Foundation},
	month = jan,
	year = {2014},
	howpublished = {{http://www.gnu.org/software/autoconf/}}
}

% https://www.opennetworking.org/sdn-resources/onf-products-listing
@misc{onf:products,
	title = {SDN Product Directory},
	month = apr,
	year = {2014},
	howpublished = {{https://www.opennetworking.org/sdn-resources/onf-products-listing}}
}